
Not all of these entries are for compression.
Some are for Operational Transform and Source Control management systems.

@inproceedings{adler01towards,
	author={Adler, M. and Mitzenmacher, M.},
	booktitle={Data Compression Conference, 2001},
	title={Towards compressing Web graphs},
	year={2001},
	pages={203-212},
	doi={10.1109/DCC.2001.917151},
}

@inproceedings{aggarwal10endre,
	author = {Bhavish Aggarwal and Aditya Akella and Ashok Anand and
                  Athula Balachandran and Pushkar Chitnis and
                  Chitra Muthukrishnan and Ramachandran Ramjee and
                  George Varghese},
	title = {{EndRE}: An End-System Redundancy Elimination Service
                 for Enterprises},
	booktitle = {7th {USENIX} Symposium on Networked Systems Design
		     and Implementation (NSDI '10)},
	month = apr,
	year = 2010,
	location = {San Jose, CA},
}

@article{anand08packet,
        author = {Anand, Ashok and Gupta, Archit and Akella, Aditya and
                  Seshan, Srinivasan and Shenker, Scott},
        title = {Packet caches on routers: the implications of
                 universal redundant traffic elimination},
        journal = {SIGCOMM Comput. Commun. Rev.},
        volume = {38},
        number = {4},
        month = aug,
        year = {2008},
        pages = {219--230},
        publisher = {ACM},
        address = {New York, NY, USA},
}

@inproceedings{anand09redundancy,
        author = {Anand, Ashok and Muthukrishnan, Chitra and Akella, Aditya
                  and Ramjee, Ramachandran},
        title = {Redundancy in network traffic: findings and implications},
        booktitle = {Proceedings of the eleventh international
                     joint conference on Measurement and modeling
                     of computer systems},
        series = {SIGMETRICS '09},
        year = {2009},
        pages = {37--48},
        publisher = {ACM},
        address = {New York, NY, USA},
}

@incollection{arion04efficient,
       author = {Arion, Andrei and Bonifati, Angela and Costa, Gianni and D’Aguanno, Sandra and Manolescu, Ioana and Pugliese, Andrea},
       title = {Efficient Query Evaluation over Compressed XML Data},
       booktitle = {Advances in Database Technology - EDBT 2004},
       series = {Lecture Notes in Computer Science},
       editor = {Bertino, Elisa and Christodoulakis, Stavros and Plexousakis, Dimitris and Christophides, Vassilis and Koubarakis, Manolis and Böhm, Klemens and Ferrari, Elena},
       publisher = {Springer Berlin / Heidelberg},
       pages = {637-638},
       volume = {2992},
       year = {2004}
}

@phdthesis{baron03fast,
	author = {Dror Baron},
	title = {Fast Parallel Algorithms for Universal Lossless Source Coding},
	school = {University of Illinois at Urbana-Champaign},
	year = 2003,
	month = feb,
}

@incollection{ berman2002approximating,
	author = {Berman, Piotr and Karpinski, Marek and Nekrich, Yakov},
	title = {Approximating Huffman Codes in Parallel},
	booktitle = {Automata, Languages and Programming},
	series = {Lecture Notes in Computer Science},
	editor = {Widmayer, Peter and Eidenbenz, Stephan and Triguero, Francisco and Morales, Rafael and Conejo, Ricardo and Hennessy, Matthew},
	publisher = {Springer Berlin / Heidelberg},
	isbn = {978-3-540-43864-9},
	volume = {2380},
	note = {\url{http://dx.doi.org/10.1007/3-540-45465-9_72}},
	year = {2002},
}

@inproceedings{blandford03compact,
	author = {Blandford, Daniel K. and Blelloch, Guy E. and Kash, Ian A.},
	title = {Compact representations of separable graphs},
	booktitle = {Proceedings of the fourteenth annual ACM-SIAM symposium on Discrete algorithms},
	series = {SODA '03},
	year = {2003},
	location = {Baltimore, Maryland},
	pages = {679-688},
	numpages = {10},
	url = {http://dl.acm.org/citation.cfm?id=644108.644219},
	publisher = {Society for Industrial and Applied Mathematics},
	address = {Philadelphia, PA, USA},
} 

@techreport{burrows94block,
	author = {Burrows, M. and Wheeler, D.J.},
	title = {A block-sorting lossless data compression algorithm},
	year = {1994},
}

@misc{canterburycorpus,
	title = {The Canterbury Corpus},
        author = {Tim Bell},
	note = {\url{http://corpus.canterbury.ac.nz/}},
}

@inproceedings{chen09understanding,
	author = {Chen, Feng and Koufaty, David A. and Zhang, Xiaodong},
	title = {Understanding intrinsic characteristics and system implications of flash memory based solid state drives},
	booktitle = {Proc. of the eleventh international joint conference on Measurement and modeling of computer systems},
	series = {SIGMETRICS '09},
	year = {2009},
	isbn = {978-1-60558-511-6},
	location = {Seattle, WA, USA},
	pages = {181--192},
	numpages = {12},
	url = {http://doi.acm.org/10.1145/1555349.1555371},
	doi = {10.1145/1555349.1555371},
	acmid = {1555371},
	publisher = {ACM},
	address = {New York, NY, USA},
	keywords = {flash memory, hard disk drive, solid state drive},
}

@techreport{dorward00robust,
	author = {Dorward, Sean and Quinlan, Sean},
	title = {Robust Data Compression of Network Packets},
	year = {2000},
        url = {http://cm.bell-labs.com/who/seanq/networkcomp.pdf},
}

@article{ellis89concurrency,
	author = {Ellis, C. A. and Gibbs, S. J.},
	title = {Concurrency control in groupware systems},
	journal = {SIGMOD Rec.},
	volume = {18},
	issue = {2},
	month = {June},
	year = {1989},
	pages = {399--407},
	url = {http://doi.acm.org/10.1145/66926.66963},
} 

This entry pulled from online, w/o a YEAR!
@misc{elytra_paralleldata,
    	author = {Jeff Gilchrist Elytra},
    	title = {Parallel Data Compression With Bzip2},
	note = {\url{http://citeseerx.ist.psu.edu/viewdoc/summary?doi=10.1.1.60.9891}},
}

@misc{googlewave,
	title = {Google Wave Operational Transform},
	note = {\url{http://wave-protocol.googlecode.com/hg/whitepapers/operational-transform}},
}

@article{goyal01multcode,
	author = {Goyal, V.K.},
	journal = "Signal Processing Magazine, IEEE",
	title = "Multiple description coding: compression meets the network",
	year = 2001,
	month = sep,
	volume = "18",
	number = "5",
	pages = {74-93},
	doi = {10.1109/79.952806},
	ISSN = "1053-5888"
}

@inproceedings{gutwin06improving,
       author = {Gutwin, Carl and Fedak, Christopher and Watson, Mark and Dyck, Jeff and Bell, Tim},
       title = {Improving network efficiency in real-time groupware with general message compression},
       booktitle = {Proceedings of the 2006 20th anniversary conference on Computer supported cooperative work},
       series = {CSCW '06},
       year = {2006},
       pages = {119 - 128},
       publisher = {ACM},
       address = {New York, NY, USA},
}

@misc{ gzip,
        author = {Gailly, Jean-loup and Adler, Mark},
	title = {gzip compression utility},
	note = {\\ \url{http://www.gzip.org/}},
}

@article{he00fast,
	author={Xin He and Ming-Yang Kao and Hsueh-I Lu},
	title= {A Fast General Methodology for Information-Theoretically
		Optimal Encodings of Graphs},
	journal   = {SIAM J. Comput.},
	volume    = {30},
	number    = {3},
	year      = {2000},
	pages     = {838-846},
}

@misc{hp95wan,
	title = {{WAN} Link Compression on HP Routers},
        author = {Hewlett Packard Company},
        series = {Application Note},
	note = {\url{www.hp.com/rnd/support/faqs/pdf/comp.pdf}},
        year = {1995},
}

@article{huffman52method,
	author={Huffman, D.A.},
	journal={Proceedings of the IRE},
	title={A Method for the Construction of Minimum-Redundancy Codes},
	year={1952},
	month=sep,
	volume={40},
	number={9},
	pages={1098-1101},
}

@inproceedings{kreft10lz77,
	author = {Kreft, Sebastian and Navarro, Gonzalo},
	title = {LZ77-Like Compression with Fast Random Access},
	booktitle = {Proceedings of the 2010 Data Compression Conference},
	year = {2010},
	pages = {239--248},
	publisher = {IEEE Computer Society},
	address = {Washington, DC, USA},
}

@inproceedings{ kulkarni04redundancy,
	author = {Purushottam Kulkarni and others},
	title = {Redundancy Elimination Within Large Collections of Files},
	booktitle = {USENIX Annual Technical Conference},
	location = {Boston, MA},
	month = Jun,
	year = 2004,
}

@misc{langley11npn,
        author = {Adam Langley},
        title = {{TLS} Next Protocol Negotiation},
        year = 2011,
        month = jul,
        note = {\url{https://technotes.googlecode.com/git/nextprotoneg.html}},
}

@inproceedings{liefke00xmill,
        author = {Liefke, Hartmut and Suciu, Dan},
        title = {XMill: an efficient compressor for XML data},
        booktitle = {Proceedings of the 2000 ACM SIGMOD international conference on Management of data},
        series = {SIGMOD '00},
        year = {2000},
        pages = {153--164},
        url = {http://doi.acm.org/10.1145/342009.335405},
}

@article{lin91divergence, 
        author = {Lin, J.},
        journal={Information Theory, IEEE Transactions on},
        title={Divergence measures based on the Shannon entropy}, 
        year={1991}, 
        month={jan}, 
        volume={37}, 
        number={1}, 
        pages={145 -151}, 
}

@misc{lynch09system,
	author= {William Lynch and others},
	title = {System And Method For Temporal Out-Of-Order Compression And Multi-Source Compression Rate Control},
	year = 2009,
	month = jun,
	publisher = {USPTO},
}

@ARTICLE{matias05delayed,
        author = {Yossi Matias},
        title = {Delayed-dictionary compression for packet networks},
        journal = {IEEE, Infocom},
        year = {2005},
}

@inproceedings{min03xpress,
        author = {Min, Jun-Ki and Park, Myung-Jae and Chung, Chin-Wan},
        title = {XPRESS: a queriable compression for XML data},
        booktitle = {Proceedings of the 2003 ACM SIGMOD international conference on Management of data},
        series = {SIGMOD '03},
        year = {2003},
        pages = {122--133},
        publisher = {ACM},
        address = {New York, NY, USA},
}

@misc{mpeg,
	title = {The Moving Picture Experts Group},
	note = {\url{http://mpeg.chiariglione.org/}},
}

@article{nelson91arith,
	author = {Nelson, Mark},
	title = {Arithmetic Coding + Statistical Modeling = Data Compression},
	year = 1991,
	month = feb,
	note = {\url{http://marknelson.us/1991/02/01/arithmetic-coding-statistical-modeling-data-compression/}},
}

@article{nelson11lzw,
	author = {Nelson, Mark},
	title = {LZW Revisited},
	year = 2011,
	month = nov,
	note = {\url{http://marknelson.us/2011/11/08/lzw-revisited/}},
}

@inproceedings{nichols95high,
	author = {Nichols, David A. and Curtis, Pavel and Dixon, Michael and Lamping, John},
	title = {High-latency, low-bandwidth windowing in the Jupiter collaboration system},
	booktitle = {Proceedings of the 8th annual ACM symposium on User interface and software technology},
	series = {UIST '95},
	year = {1995},
	location = {Pittsburgh, Pennsylvania, United States},
	pages = {111--120},
	numpages = {10},
	url = {http://doi.acm.org/10.1145/215585.215706},
}

@inproceedings{nowlan12nonlinear,
	author = {Michael F. Nowlan and Bryan Ford and Ramakrishna Gummadi},
	title = {{Non-Linear Compression}: Gzip Me Not!},
	booktitle = {\bibconf{HotStorage '12}{4th USENIX Workshop on Hot Topics
	  in Storage and File Systems (HotStorage '12)}},
        location = {Boston, MA},
	month = jun,
	year = 2012,
}

@misc{pigz,
        author = {Adler, Mark},
	title = {pigz: A parallel implementation of gzip},
	note = {\\ \url{http://zlib.net/pigz/}},
}

@inproceedings{ policroniades04alternatives,
	author = {Calicrates Policroniades and others},
	title = {Alternatives for Detecting Redundancy in Storage Systems Data},
	booktitle = {USENIX Annual Technical Conference},
	location = {Boston, MA},
	month = Jun,
	year = 2004,
}

@inproceedings{qureshi09scalable,
	author = {Qureshi, Moinuddin K. and Srinivasan, Vijayalakshmi and  
		  Rivers, Jude A.},
	title = {Scalable high performance main memory system using  
		 phase-change memory technology},
	series = {ISCA '09},
	year = {2009},
	location = {Austin, TX, USA},
	pages = {24--33},
}

@techreport{rabin81fingerprinting,
	author = {Michael O. Rabin},
	title = {Fingerprinting by Random Polynomials},
	year = {1981},
        publisher = {Center for Research in Computing Technology,
                     Harvard University},
}

@misc{ rfc1144,
	author = {V. Jacobson},
	title = {Compressing {TCP/IP} Headers for Low-Speed Serial Links},
	month = feb,
	year = 1990,
	note = {RFC 1144},
}

@misc{rfc1951,
	author = {P. Deutsch},
	title = {DEFLATE Compressed Data Format Specification version 1.3},
	month = may,
	year = 1996,
	note = {RFC 1951}
}

@misc{rfc1978,
	author =  {D. Rand},
	title = {{PPP} Predictor Compression Protocol},
	month = aug,
	year = 1996,
	note = {RFC 1978}
}

@misc{rfc2507,
	author =  {M. {Degermark et al}},
	title = {{IP} Header Compression},
	month = feb,
	year = 1999,
	note = {RFC 2507}
}

@misc{rfc3095,
	author =  {C. {Bormann et al.}},
	title = {{RO}bust Header Compression ({ROHC})},
	month = jul,
	year = 2001,
	note = {RFC 3095}
}

@inproceedings{rhea03value,
        author = {Rhea, Sean C. and Liang, Kevin and Brewer, Eric},
        title = {Value-based web caching},
        booktitle = {Proceedings of the 12th international conference on
                     World Wide Web},
        series = {WWW '03},
        year = {2003},
        pages = {619--628},
        publisher = {ACM},
        address = {New York, NY, USA},
} 

@misc{rizzo12crime,
	author = {Juliano Rizzo and Thai Duong},
	title = {The {CRIME} Attack},
	note = {\url{https://docs.google.com/presentation/d/11eBmGiHbYcHR9gL5nDyZChu_-lCa2GizeuOfaLU2HOU/edit}},
        month = sep,
        year = 2012,
}

@inproceedings{sanadhya12asymmetric,
       author = {Sanadhya, Shruti and Sivakumar, Raghupathy and Kim, Kyu-Han
                 and Congdon, Paul and Lakshmanan, Sriram and
                 Singh, Jatinder Pal},
       title = {Asymmetric caching: improved network deduplication
                for mobile devices},
       booktitle = {Proceedings of the 18th annual international conference
                    on Mobile computing and networking},
       series = {Mobicom '12},
       year = {2012},
       pages = {161--172},
       publisher = {ACM},
       address = {New York, NY, USA},
}

@misc{seward_bzip2,
	author = {Julian Seward},
	title = {Bzip, Bzip2 and libbzip},
	note = {\url{http://bzip.org/}},
}

@book{shannon49math,
	author = {C. Shannon and W. Weaver},
	title = {The Mathematical Theory of Communication},
	publisher = {University of Illinois Press},
	year = 1949
}

@inproceedings{shen11refactor,
        author = {Shen, Shan-Hsiang and Gember, Aaron and Anand, Ashok and
                  Akella, Aditya},
        title = {REfactor-ing content overhearing to
                 improve wireless performance},
        booktitle = {Proceedings of the 17th annual international conference
                     on Mobile computing and networking},
        series = {MobiCom '11},
        year = {2011},
        pages = {217--228},
        publisher = {ACM},
        address = {New York, NY, USA},
}

@inproceedings{spring00protocol,
        author = {Spring, Neil T. and Wetherall, David},
        title = {A protocol-independent technique for
                 eliminating redundant network traffic},
        booktitle = {Proceedings of the conference on Applications,
                     Technologies, Architectures, and Protocols for
                     Computer Communication},
        series = {SIGCOMM '00},
        year = {2000},
        pages = {87--95},
        publisher = {ACM},
        address = {New York, NY, USA},
}

@inproceedings{suel01compressing,
	author={Suel, T. and Jun Yuan},
	booktitle={Data Compression Conference, 2001. Proceedings. DCC 2001.},
	title={Compressing the graph structure of the Web},
	year={2001},
	pages={213 -222},
	doi={10.1109/DCC.2001.917152},
}

@phdthesis{tridgell00efficient,
	author = {Andrew Tridgell},
	title = {Efficient Algorithms for Sorting and Synchronization},
	school = {Australian National University},
	year = 2000,
	month = apr,
}

@inproceedings{tye03review,
        author = {Ching Tye and G. Fairhurst},
        title = {A Review of IP Packet Compression Techniques},
        booktitle = {PostGraduate Networking Conference PGNet 2003.},
        year = {2003},
}

@article{welch84technique,
        author    = {Terry A. Welch},
        title     = {A Technique for High-Performance Data Compression},
        journal   = {IEEE Computer},
        volume    = {17},
        number    = {6},
        year      = {1984},
        pages     = {8-19},
}

@article{witten87arith,
	author = {Witten, Ian H. and Neal, Radford M. and Cleary, John G.},
	title = {Arithmetic coding for data compression},
	journal = {Commun. ACM},
	volume = {30},
	issue = {6},
	month = {June},
	year = {1987},
	issn = {0001-0782},
	pages = {520--540},
	numpages = {21},
	url = {http://doi.acm.org/10.1145/214762.214771},
	publisher = {ACM},
	address = {New York, NY, USA},
}

@misc{ zlib,
        author = {Gailly, Jean-loup and Adler, Mark},
	title = {zlib compression library},
	note = {\\ \url{http://zlib.net/}},
}
