@inproceedings{ramamoorthy77fault,
  author = {Ramamoorthy, C. V. and Ho, G. S. and Han, Y. W.},
  title = {Fault tree analysis of computer systems},
  booktitle = {Proceedings of the June 13-16, 1977, national computer conference},
  series = {AFIPS '77},
  year = {1977},
  location = {Dallas, Texas},
  pages = {13--17},
  numpages = {5},
  url = {http://doi.acm.org/10.1145/1499402.1499407},
  doi = {10.1145/1499402.1499407},
  acmid = {1499407},
  publisher = {ACM},
  address = {New York, NY, USA},
} 


@INPROCEEDINGS{manian98fault,
  author={Manian, R. and Bechta Dugan, J. and Coppit, D. and Sullivan, K.J.},
  booktitle={High-Assurance Systems Engineering Symposium, 1998. Proceedings. Third IEEE International},
  title={Combining various solution techniques for dynamic fault tree analysis of computer systems},
  year={1998},
  month={nov},
  volume={},
  number={},
  pages={21 -28},
  keywords={DIFtree;Markov solution techniques;Weibull distribution;binary decision diagrams;component reliability interactions;constant hazard rate;divide-and-conquer technique;dynamic fault tree analysis;dynamic innovative fault trees;exponential distribution;fault coverage modeling;fault-tolerant computer systems;fixed probabilities;independent sub-trees;log-normal distribution;simulation;system-level fault tree modularization;system-level reliability;time-to-failure distribution;time-varying hazard rate;Markov processes;Weibull distribution;binary decision diagrams;divide and conquer methods;exponential distribution;fault tolerant computing;fault trees;log normal distribution;},
  doi={10.1109/HASE.1998.731591},
  ISSN={},
}

@ARTICLE{dugan92fault,
  author={Dugan, J.B. and Bavuso, S.J. and Boyd, M.A.},
  journal={Reliability, IEEE Transactions on},
  title={Dynamic fault-tree models for fault-tolerant computer systems},
  year={1992},
  month={sep},
  volume={41},
  number={3},
  pages={363 -377},
  keywords={HARP;dynamic fault-tree modeling;dynamic redundancy management;error recovery;fault-tolerant computer systems;hypercube;mission avionics system;parallel processor;reliability;software package;fault tolerant computing;hypercube networks;parallel architectures;redundancy;reliability theory;},
  doi={10.1109/24.159800},
  ISSN={0018-9529},
}
