
%A

@inproceedings{ ahn03captcha,
	author = {Luis von Ahn and Manuel Blum and Nicholas J. Hopper
			and John Langford},
	title = {{CAPTCHA:} Using Hard {AI} Problems for Security},
	booktitle = {Eurocrypt},
	year = 2003,
}

@article{ akst95,
	author = {Daniel Akst},
	title = {The Cutting Edge:
			The {Helsinki} Incident and the Right to Anonymity},
	journal = {L.A. Times},
	month = feb,
	day = 22,
	year = 1995,
	pages = {D1},
}

@article{ arthur95,
	author = {Charles Arthur},
	title = {Identity Crisis on the Internet},
	journal = {New Scientist},
	month = mar,
	day = 11,
	year = 1995,
}

%B

@misc{ back02,
	author = {Adam Back},
	title = {Hashcash --- A Denial of Service Counter-Measure},
	month = aug,
	year = 2002,
	note = {\url{http://www.cypherspace.org/adam/hashcash/}},
}

@inproceedings{ backstrom07wherefore,
	author = {Lars Backstrom and Cynthia Dwork and Jon Kleinberg},
	title = {Wherefore Art Thou {R3579X}?
			Anonymized Social Networks, Hidden Patterns,
			and Structural Steganography},
	booktitle = {\bibconf[16th]{WWW}{World Wide Web Conference}},
	month = may,
	year = 2007,
	location = {Banff, Alberta, Canada},
}

@article{ balkin04digital,
	author = {Jack M. Balkin},
	title = {Digital Speech and Democratic Culture:
		A Theory of Freedom of Expression for the Information Society},
	journal = {Faculty Scholarship Series},
	year = 2004,
	note = {Paper 240},
}

@article{ becker12liquid,
	author = {Sven Becker},
	title = {{Liquid Democracy}:
		Web Platform Makes Professor Most Powerful Pirate},
	journal = {Spiegel Online},
	month = mar,
	day = 2,
	year = 2012,
	note = {\url{http://www.spiegel.de/international/germany/liquid-democracy-web-platform-makes-professor-most-powerful-pirate-a-818683.html}},
}

@article{ behrens14evolution,
	author = {Jan Behrens},
	title = {The evolution of proportional representation
		in {LiquidFeedback}},
	journal = {Liquid Democracy Journal},
	month = mar,
	year = 2014,
	volume = 1,
}

@article{ bieber02meeting,
	author = {Meredith A. Bieber},
	title = {Meeting the Statute or Beating It:
			Using {John Doe} Indictments Based on {DNA}
			to Meet the Statute of Limitations},
	journal = {University of Pennsylvania Law Review},
	year = 2002,
	volume = 150,
	number = 3,
	pages = {1079-1098},
}

@misc{ blakely07,
	author = {Rhys Blakely},
	title = {Spam menace spreads to mobile phones},
	month = oct,
	day = 5,
	year = 2007,
	url = {http://business.timesonline.co.uk/tol/business/industry_sectors/telecoms/article2591888.ece},
}

@article{ boldi11viscous,
	author = {Paolo Boldi and Francesco Bonchi and Carlos Castillo
			and Sebastiano Vigna},
	title = {Viscous Democracy for Social Networks},
	journal = {Communications of the ACM},
	volume = 54,
	number = 6,
	month = jun,
	year = 2011,
}

@article{ branscomb95,
	author = {Anne Wells Branscomb},
	title = {Anonymity, Autonomy, and Accountability:
		Challenges to the First Amendment in Cyberspaces},
	journal = {Yale Law Journal},
	volume = 104,
	number = 7,
	month = may,
	year = 1995,
	pages = {1639-1679},
}

@article{ brugger02ban,
  title = {Ban on or Protection of Hate Speech-Some Observations Based on {German} and {American} Law},
  author = {Brugger, Winfried},
  journal = {Tul. Eur. \& Civ. LF},
  volume = {17},
  pages = {1--21},
  year = {2002},
  publisher = {HeinOnline},
}


@article{ bugnion04international,
  author = {Bugnion, Francois},
  title = {The International Committee of the Red Cross
    and the Development of International Humanitarian Law},
  journal = {Chicago Journal of International Law},
  volume = 5,
  number = 1,
  year = 2004,
}

%C

@inproceedings{ casado07peering,
	author = {Martin Casado and Michael J. Freedman},
	title = {Peering Through the Shroud:
		The Effect of Edge Opacity on {IP}-Based Client Identification},
	booktitle = {4th NSDI},
	address = {Cambridge, MA},
	month = apr,
	year = 2007,
}

@inproceedings{ chellapilla05,
	author = "Kumar Chellapilla and Kevin Larson and Patrice Simard
			and Mary Czerwinski",
	title = "Computers Beat Humans at Single Character Recognition in
		Reading based Human Interaction Proofs {(HIPs)}",
	booktitle = "2nd Conference on E-mail and Anti-Spam",
	month = jul,
	year = 2005,
	url = "http://www.ceas.cc/papers-2005/160.pdf",
}

@article{ chong03,
	author = "Curtis Chong",
	title = "Graphical Verification: Another Accessibility Challenge",
	journal = "The Braille Monitor",
	month = nov,
	year = 2003,
	url = "http://www.nfb.org/Images/nfb/Publications/bm/bm03/bm0311/bm031104.htm",
}

@misc{ clinton10freedom,
  author = "Clinton, Hillary Rodham",
  title = "Remarks on Internet Freedom",
  howpublished = {\url{http://www.state.gov/secretary/rm/2010/01/135519.htm}},
  month = jan,
  year = 2010,
  note = {Accessed on 30/01/2013},
}

@article{ cohen96,
	author = {Julie E. Cohen},
	title = {A Right to Read Anonymously:
		A Closer Look at “Copyright Management” in Cyberspace},
	journal = {Connecticut Law Review},
	volume = 28,
	pages = {981–1039},
	year = 1996,
}

@misc{ comninos11twitter,
	author = {Alex Comninos},
	title = {Twitter revolutions and cyber crackdowns:
		User-generated content and social networking
		in the {Arab} spring and beyond},
	publisher = {Association for Progressive Communications},
	month = jun,
	year = 2011,
}

@techreport{ conyon08ranking,
	author = {M. J. Conyon and M. R. Muldoon},
	title = {Ranking the Importance of Boards of Directors},
	month = jan,
	year = 2008,
	institution = {Manchester Institute for Mathematical Sciences},
	number = {2006.65},
}

@inproceedings{ corrigangibbs13welcome,
  author = {Henry Corrigan-Gibbs and Bryan Ford},
  title = {Welcome to the World of Human Rights: Please Make Yourself Uncomfortable},
  booktitle = {\bibconf{CREDS}{Cyber-security Research Ethics Dialog and Strategy Workshop}},
  month = may,
  year = 2013,
}

%D

@article{ davenport02,
	author = {David Davenport},
	title = {Anonymity on the {Internet}: why the price may be too high},
	journal = {Communications of the ACM},
	volume = 45,
	number = 4,
	pages = {33-35},
	month = apr,
	year = 2002,
}

@inproceedings{dantu05voipspam,
	author = {Ram Dantu and Prakash Kolan},
	title = {Detecting spam in {VoIP} networks},
	booktitle = {Proc. SRUTI},
	year = {2005},
	location = {Cambridge, MA},
}

@misc{ dcc,
	author = {{Distributed Checksum Clearinghouse}},
	note = {\url{http://www.dcc-servers.net/dcc/graphs/}},
	url = {http://www.dcc-servers.net/dcc/graphs/},
}

@book{ deibert08access,
	author = {Ronald Deibert and John Palfrey and Rafal Rohozinski
			and Jonathan Zittrain},
	title = {Access Denied: The Practice and Policy of
			Global {Internet} Filtering},
	month = jan,
	year = 2008,
	publisher = {MIT Press},
	isbn = {0262541963},
}

@article{ devereaux14data,
	author = {Ryan Devereaux and Glenn Greenwald and Laura Poitras},
	title = {\href{https://firstlook.org/theintercept/article/2014/05/19/data-pirates-caribbean-nsa-recording-every-cell-phone-call-bahamas/}{Data Pirates of the {Caribbean}: The {NSA} Is Recording Every Cell Phone Call in the {Bahamas}}},
	journal = {The Intercept},
	year = 2014,
	month = may # {~20,},
}

@article{ greenwald13NSA,
	author = {Glenn Greenwald},
	title = {\href{http://www.theguardian.com/world/2013/jun/06/nsa-phone-records-verizon-court-order/}{{NSA} collecting phone records of millions of Verizon customers daily}},
	journal = {The Guardian},
	year = 2013,
	month = jun # {~6,},
}
	
@article{ doctorow04solving,
	author = "Cory Doctorow",
	title = "Solving and creating {CAPTCHAs} with free porn",
	journal = "Boing Boing",
	month = jan,
	year = 2004,
	url = "http://www.boingboing.net/2004/01/27/solving_and_creating.html",
}

@article{ donaghue10human,
  title = {Human Rights, Development INGOs and Priorities for Action},
  author = {Donaghue, K.},
  journal = {Ethical questions and international NGOs},
  pages = {39--63},
  year = {2010},
  publisher = {Springer},
}

@inproceedings{ douceur02,
	author = {John R. Douceur},
	title = {The Sybil Attack},
	booktitle = {1st International Workshop on Peer-to-Peer Systems},
	month = mar,
	year = 2002,
	url = {http://www.cs.rice.edu/Conferences/IPTPS02/101.pdf},
}

@article{ duhigg12how,
	author = {Charles Duhigg},
	title = {How Companies Learn Your Secrets},
	journal = {The New York Times},
	month = feb,
	day = 16,
	year = 2012,
	note = {\url{http://www.nytimes.com/2012/02/19/magazine/shopping-habits.html}},
}

%E

@misc{ ethics12about,
  title = {About | {Ethics \& International Affairs}},
  note = {Accessed on 24/01/2013},
  howpublished = {\url{http://www.ethicsandinternationalaffairs.org/about/}},
}

@article{ evers05,
	author = {Joris Evers},
	title = {{ISPs} versus the zombies},
	journal = {CNET News},
	month = jul,
	day = 19,
	year = 2005,
	url = {http://news.com.com/ISPs+versus+the+zombies/2100-7349_3-5793719.html},
}

%F

@inproceedings{feigenbaum2011accountability,
  title={Accountability and deterrence in online life},
  author={Feigenbaum, Joan and Hendler, James A and Jaggard, Aaron D and Weitzner, Daniel J and Wright, Rebecca N},
  booktitle = {\bibconf['11]{ICWS}{International Conference on Web Science, ACM}},
  year={2011}
}

@article{ feigenbaum14data,
	author = {Joan Feigenbaum and Bryan Ford},
	title = {\href{http://www.huffingtonpost.com/joan-feigenbaum/data-hoarding-surveillance_b_5179305.html}{Is Data Hoarding Necessary for Lawful Surveillance?}},
	journal = {The Huffington Post},
	month = apr # {~19,},
	year = 2014,
}

@misc{ ford02delegative,
	author = {Bryan Ford},
	title = {Delegative Democracy},
	month = may,
	year = 2002,
	note = {\url{http://bford.info/deleg/deleg.pdf}}
}

@inproceedings{ford08nyms,
  author = {Bryan Ford and Jacob Strauss},
  title = {An offline foundation for online accountable pseudonyms},
  booktitle = {1st International Workshop on Social Network Systems (SocialNets)},
  year = {2008}
}

@article{ froomkin96,
	author = {A. Michael Froomkin},
	title = {Flood Control on the Information Ocean:
		Living With Anonymity, Digital Cash, and Distributed Databases},
	journal = {Law and Commerce},
	volume = 15,
	pages = {395-515},
	year = 1996,
}

@article{ froomkin99,
	author = {A. Michael Froomkin},
	title = {Legal Issues in Anonymity and Pseudonymity},
	journal = {Information Society},
	volume = 15,
	number = 2,
	pages = {11327},
	month = apr,
	year = 1999,
}

@misc{ ftc10protecting,
	author = {{Federal Trade Commission}},
	title = {Protecting Consumer Privacy in an Era of Rapid Change},
	month = dec,
	year = 2010,
	note = {Preliminary FTC Staff Report},
}

%G

@article{ gellman09privacy,
	author = {Robert Gellman},
	title = {Privacy in the Clouds: Risks to Privacy and Confidentiality
			from Cloud Computing},
	journal = {World Privacy Forum},
	year = 2009,
	pages = {1-16},
},

@misc{ greene13eff,
	author = {David Greene},
	title = {{EFF} Files 22 Firsthand Accounts of How {NSA} Surveillance
			Chilled the Right to Association},
	month = nov,
	day = 6,
	year = 2013,
	note = {\url{https://www.eff.org/press/releases/eff-files-22-firsthand-accounts-how-nsa-surveillance-chilled-right-association}},
}

%H

@article{ hafner06,
	author = {Katie Hafner},
	title = {Growing {Wikipedia} Refines Its `Anyone Can Edit' Policy},
	journal = {New York Times},
	month = jun,
	day = 17,
	year = 2006,
	url = {http://www.nytimes.com/2006/06/17/technology/17wiki.html},
}

@article{ hargrave07,
	author = {Sean Hargrave},
	title = {Why {VoIP} is the next target for spammers},
	journal = {The Guardian},
	month = nov,
	day = 1,
	year = 2007,
	url = {http://www.guardian.co.uk/technology/2007/nov/01/news.hacking}
}

@article{ healy03fall,
	author = {Paul M. Healy and Krishna G. Palepu},
	title = {The Fall of {Enron}},
	journal = {Journal of Economic Perspectives},
	volume = 17,
	number = 2,
	year = 2003,
	pages = {3-26},
}

@inproceedings{ heckle07,
	author = {Rosa R. Heckle and Wayne G. Lutters},
	title = {Privacy Implications for Single Sign-on Authentication
		In a Hospital Environment (poster)},
	booktitle = {Symposium on Usable Privacy and Security},
	location = {Pittsburgh, PA},
	month = jul,
	day = {18-20},
	year = 2007,
}

@article{ hill12target,
	author = {Kashmir Hill},
	title = {How Target Figured Out A Teen Girl Was Pregnant
		Before Her Father Did},
	journal = {Forbes},
	month = feb,
	day = 16,
	year = 2012,
	note = {\url{http://www.forbes.com/sites/kashmirhill/2012/02/16/how-target-figured-out-a-teen-girl-was-pregnant-before-her-father-did/}},
}

@article{ hill14pregnancy,
	author = {Kashmir Hill},
	title = {You Can Hide Your Pregnancy Online,
		But You'll Feel Like A Criminal},
	journal = {Forbes},
	month = apr,
	day = 29,
	year = 2014,
	note = {\url{http://www.forbes.com/sites/kashmirhill/2014/04/29/you-can-hide-your-pregnancy-online-but-youll-feel-like-a-criminal/}},
}

@book{ howard13democracy,
	author = {Philip N. Howard and Muzammil M. Hussain},
	title = {Democracy's Fourth Wave? Digital Media and the Arab Spring},
	month = mar,
	year = 2013,
	publisher = {Oxford University Press},
	isbn = {0199936978},
}

@article{ hsieh06doonesbury,
	author = {Hannah Hsieh},
	title = {{Doonesbury} Online Poll Hacked in Favor of {MIT}},
	journal = {MIT Tech},
	volume = 126,
	number = 27,
	month = jun,
	day = 9,
	year = 2006,
}

@misc{ hrc14right,
	author = {{Human Rights Council}},
	title = {\href{http://www.ohchr.org/EN/HRBodies/HRC/RegularSessions/Session27/Documents/A.HRC.27.37_en.pdf}{The right to privacy in the digital age:
		Report of the Office of the United Nations High Commissioner
		for Human Rights}},
	month = jun,
	day = 30,
	year = 2014,
}

%I

@misc{ ifes06,
	author = {{IFES and UNDP}},
	title = {Getting to the {CORE}:
		 A Global Survey on the Cost of Registration and Elections},
	month = jun,
	day = 30,
	year = 2006,
}

@article{ isbister10whose,
  title = {Whose Impact, and Is It All About Impact?},
  author = {Isbister, J.},
  journal = {Ethical Questions and International NGOs},
  pages = {147--156},
  year = {2010},
  publisher = {Springer},
}

@misc{ ito03emergent,
	author = {Joi Ito},
	title = {Emergent Democracy},
	month = apr,
	year = 2003,
	note = {\url{http://joi.ito.com/joiwiki/EmergentDemocracyPaper}},
}

%K

@misc{ kalsey04,
	author = {Adam Kalsey},
	title = {Why {IP} banning is useless},
	note = {\url{http://kalsey.com/2004/02/why_ip_banning_is_useless}},
	month = feb,
	year = 2004,
}

@inproceedings{ kamara14restructuring,
	author = {Seny Kamara},
	title = {\href{http://outsourcedbits.org/2014/03/10/restructuring-the-nsa-metadata-program/}{Restructuring the {NSA} Metadata Program}},
	booktitle = {\bibconf{WAHC}{Workshop on
			Applied Homomorphic Cryptography}},
	month = mar,
	day = 7,
	year = 2014,
	url = {http://outsourcedbits.org/2014/03/10/restructuring-the-nsa-metadata-program/},
}

@article{ knight05,
	author = {Will Knight},
	title = {{Wikipedia} tightens editorial rules after complaint},
	url = {http://www.newscientist.com/article.ns?id=dn8425},
	journal = {New Scientist},
	month = dec,
	year = 2005,
}

@article{ koprowski03,
	author = {Gene J. Koprowski},
	title = {Spam Filtering and the Plague of False Positives},
	journal = {TechNewsWorld},
	month = sep,
	day = 30,
	year = 2003,
	url = {http://www.technewsworld.com/story/31703.html},
}

@article{ kraut12aristotle,
  author = {Kraut, Richard},
  title = {Aristotle's Ethics},
  journal = {The Stanford Encyclopedia of Philosophy},
  month = dec,
  year = 2012,
  url = {http://plato.stanford.edu/archives/win2012/entries/aristotle-ethics/},
}

@article{ kreimer01technologies,
	author = {Seth F. Kreimer},
	title = {Technologies of Protest: Insurgent Social Movements and
		the {First Amendment} in the Era of the {Internet}},
	journal = {University of Pennsylvania Law Review},
  month = {October},
  year = {2001}
}

%L

@article{ lee96,
	author = {Gia B. Lee},
	title = {Addressing Anonymous Messages in Cyberspace},
	journal = {Journal of Computer-Mediated Communication:
		Emerging Law on the Electronic Frontier},
	volume = 2,
	number = 1,
	month = jun,
	year = 1996,
	url = {http://jcmc.indiana.edu/vol2/issue1/anon.html},
}

@article{ lenneberg10respect,
  title = {To Respect or Not to Respect},
  author = {Lenneberg, Conny},
  journal = {Ethical Questions and International NGOs},
  pages = {193--205},
  year = {2010},
  publisher = {Springer},
}

@misc{ libertyalliance,
	author = {{Liberty Alliance Project}},
	note = {\url{http://www.projectliberty.org/}},
	url = {http://www.projectliberty.org/},
}

@article{ lim12clicks,
	author = {Merlyna Lim},
	title = {Clicks, Cabs, and Coffee Houses: Social Media and
		Oppositional Movements in Egypt, 2004 -- 2011},
	journal = {Journal of Communication},
	volume = 62,
	pages = {231-248},
}

@inproceedings{ litvinenko12social,
	author = {Anna Litvinenko},
	title = {Social Media and Perspectives of Liquid Democracy: The Example
		of Political Communication in the Pirate Party in Germany},
	booktitle = {12th European Conference on e-Government},
	location = {Barcelona, Spain},
	month = jun,
	year = 2012,
	pages = {403-408},
}

@misc{ lynch05,
	author = {M. Lynch},
	title = {Lives on Hold: the Human Cost of Statelessness},
	publisher = {Refugees International},
	month = feb,
	year = 2005,
}

@article{ nakashima13new,
  author = {Ellen Nakashima and Barton Gellman and Greg Miller},
  title = {New documents reveal parameters of {NSA}'s secret surveillance programs},
  year = 2013,
  month = jun,
  day = 21,
  note = {Washington Post},
}

%O

@article{ oakes12hacking,
	author = {Dan Oakes},
	title = {Hacking case's body of evidence},
	journal = {The Age},
	month = apr,
	day = 12,
	year = 2012,
}

@misc{ obrien12google,
	author = {Danny O'Brien},
	title = {{Google+}, real names and real problems},
	publisher = {Committee to Protect Journalists},
	month = jan,
	year = 2012,
	note = {\url{http://www.cpj.org/internet/2012/01/google-real-names-and-real-problems.php}},
}

@misc{ oecd13exploring,
	author = {OECD},
	title = {Exploring the Economics of Personal Data},
	month = apr,
	year = 2013,
	note = {OECD Digital Economy Papers No. 220},
}

@misc{ openid,
	author = {OpenID},
	note = {\url{http://openid.net/}},
	url = {http://openid.net/},
}

%P

@article{pell14stingray,
  title={Your Secret StingRay’s No Secret Anymore: The Vanishing Government Monopoly over Cell Phone Surveillance and its Impact on National Security and Consumer Privacy},
  author={Pell, Stephanie K and Soghoian, Christopher},
  journal = {Harvard Journal of Law and Technology},
  month = dec,
  year = 2014,
}

@book{ prunier95rwanda,
  title = {The Rwanda crisis: History of a genocide},
  author = {Prunier, G\'{e}rard},
  year = {1995},
  publisher = {Columbia University Press},
}

%R

@inproceedings{ ramachandran06,
	author = {Anirudh Ramachandran and David Dagon and Nick Feamster},
	title = {Can {DNS}-Based Blacklists Keep Up with Bots?},
	booktitle = {3rd Conference on Email and Anti-Spam},
	month = jul,
	day = 27,
	year = 2006,
}

@article{ rasor14conversation,
	author = {Dina Rasor},
	title = {Conversation With {James Risen}: Can Journalists Protect
		Their National Security Sources?},
	journal = {Truthout},
	month = apr,
	day = 23,
	year = 2014,
	note = {\url{http://www.truth-out.org/opinion/item/23207-conversation-with-james-risen-can-journalists-protect-their-national-security-sources}},
}

@inproceedings{ rodriguez07smartocracy,
	author = {Marko A. Rodriguez and Daniel J. Steinbock and
		Jennifer H. Watkins and Carlos Gershenson and Johan Bollen and
		Victor Grey and Brad deGraf},
	title = {Smartocracy: Social Networks for Collective Decision Making},
	booktitle = {40th Hawaii International Conference on System Sciences},
	month = jan,
	year = 2007,
}

@book{ rothenberg99avoiding,
	author = {Jeff Rothenberg},
	title = {Avoiding Technological Quicksand:
		Finding a Viable Technical Foundation for
		Digital Preservation},
	publisher = {Council on Library and Information Resources},
	year = 1999,
	month = jan,
	location = {Washington, DC},
	isbn = {1-887334-63-7},
}

%S

@article{ savage13court,
	author = {Charlie Savage},
	title = {Court Rejects Appeal Bid by Writer in Leak Case},
	journal = {New York Times},
	month = oct,
	day = 15,
	year = 2013,
}

@misc{ sayke03liquid,
	author = {Sayke},
	title = {Liquid Democracy},
	year = 2003,
	note = {\url{https://web.archive.org/web/20040726071737/http://twistedmatrix.com/wiki/python/LiquidDemocracy}},
}

@misc{ sayke03voting,
	author = {Sayke},
	title = {Liquid Democracy Voting System},
	year = 2003,
	note = {\url{https://web.archive.org/web/20040518131300/http://twistedmatrix.com/wiki/python/LiquidDemocracyVotingSystem}},
}

@book{ schreiber75,
	author = {Flora Rheta Schreiber},
	title = {Sybil: the true story of a woman possessed by
		sixteen separate personalities},
	publisher = {Warner Books},
	year = 1973,
	url = {http://www.amazon.com/exec/obidos/tg/detail/-/0446359408/},
}

@misc{ schultze11diginotar,
  title = {DigiNotar Hack Highlights the Critical Failures of our SSL Web Security Model},
  author = {Steve Schultze}, 
  year = 2011,
  month = sep,
  day = 6,
  howpublished = {Published on \url{https://freedom-to-tinker.com/}}
}

@article{ sengupta11rushdie,
	author = {Somini Sengupta},
	title = {Rushdie Runs Afoul of Web's Real-Name Police},
	journal = {New York Times},
	month = nov,
	day = 14,
	year = 2011,
}

@article{ shaw04,
	author = {Russell Shaw},
	title = {Avoid the Spam Filter},
	journal = {iMedia Connection},
	month = jun,
	day = 16,
	year = 2004,
	url = {http://www.imediaconnection.com/content/3649.asp},
}

@book{ solove11nothing,
	author = {Daniel J. Solove},
	title = {Nothing to Hide: The False Tradeoff Between
		Privacy and Security},
	year = 2011,
	publisher = {Yale University Press},
	isbn = {978-0-300-17231-7},
}

@misc{ soltani09flash,
	author = {Ashkan Soltani and Shannon Canty and Quentin Mayo
			and Lauren Thomas and Chris Jay Hoofnagle},
	title = {Flash Cookies and Privacy},
  booktitle = {SSRN preprint},
	month = aug,
	year = 2009,
}

@misc{ spamnation,
	author = {Spamnation},
	title = {Spam Statistics},
	note = {\url{http://spamnation.info/stats/}},
	url = {http://spamnation.info/stats/},
}

@article{ stein03queers,
	author = {Edward Stein},
	title = {Queers Anonymous: Lesbians, Gay Men, Free Speech,
		and Cyberspace},
	journal = {Harvard Civil Rights-Civil Liberties Law Review},
	year = 2003,
	url = {http://www.law.harvard.edu/students/orgs/crcl/vol38_1/stein.php},
}

@article{ stone07hand,
	author = {Brad Stone and Matt Richtel},
	title = {The Hand That Controls the Sock Puppet Could Get Slapped},
	journal = {New York Times},
	month = jul,	
	day = 16,
	year = 2007,
	url = {http://www.nytimes.com/2007/07/16/technology/16blog.html},
}

@article{ stone08,
	author = {Brad Stone},
	title = {Breaking {Google} {Captchas} for Some Extra Cash},
	journal = {New York Times},
	month = mar,
	day = 13,
	year = 2008,
	url = {http://bits.blogs.nytimes.com/2008/03/13/breaking-google-captchas-for-3-a-day/},
}

@article{ swierczek11fiveyears,
	title = {5 years of {Liquid Democracy} in {Germany}},
	author = {Bj\"orn Swierczek},
	journal = {The Liquid Democracy Journal},
	month = mar,
	year = 2014,
	volume = 1,
}

%T

@article{ teich99anonymous,
	author = {Al Teich and Mark S. Frankel and Rob Kling
			and {Ya-ching} Lee},
	title = {Anonymous Communication Policies for the {Internet}:
		Results and Recommendations of the {AAAS} Conference},
	journal = {Information Society},
	month = may,
	year = 1999,
	url = {http://www.indiana.edu/~tisj/readers/full-text/15-2%20teich.pdf#search=%22Anonymous%20Communication%20Policies%22},
}

@article{ templeton01,
	author = {Brad Templeton},
	title = {I Remember {USENET}},
	journal = {O'Reilly Network},
	month = dec,
	year = 2001,
}

@article{ thompson06,
	author = {Bill Thompson},
	title = {Not as wiki as it used to be},
	journal = {BBC News},
	month = aug,
	day = 25,
	year = 2006,
	url = {http://news.bbc.co.uk/2/hi/technology/5286458.stm},
}

@article{ tracy13tally,
	author = {Ryan Tracy},
	title = {\href{http://www.wsj.com/articles/SB10001424052702304579404579232343313671258}{Tally of U.S. Banks Sinks to Record Low}},
	journal = {The Wall Street Journal},
	month = dec,
	year = 2013,
}

%M

@misc{ may05,
	author = {Matt May},
	title = {Inaccessibility of {CAPTCHA:}
		Alternatives to Visual Turing Tests on the Web},
	note = {W3C Working Group Note 23},
	month = nov,
	year = 2005,
}

%U

@book{ un12millennium,
  title = "The Millennium Development Goals Report",
  publisher = "United Nations",
  address = "New York",
  month = jun,
  year = 2012,
} 

@misc{ un48universal,
  author = "United Nations General Assembly",
  title = "The Universal Declaration of Human Rights",
  howpublished = {Resolution 217 {A (III)}},
  month = dec,
  year = 1948,
}

@misc{ un50statute,
  author = "United Nations General Assembly",
  title = "Statute of the Office of the United 
    Nations High Commissioner for Refugees",
  howpublished = {Resolution 428{(V)}},
  month = dec,
  year = 1950,
}

%V

@article{ volokh00freedom,
	author = {Eugene Volokh},
	title = {Freedom of Speech and Information Privacy:
			The Troubling Implications of a Right to Stop People
			from Speaking about You},
	journal = {Stanford Law Review},
	month = may,
	year = 2000,
}

%W

@misc{ wallace99nameless,
	author = {Jonathan D. Wallace},
	title = {Nameless in Cyberspace: Anonymity on the Internet},
	note = {Cato Briefing Paper No. 54},
	month = dec,
	day = 8,
	year = 1999,
	url = {http://www.cato.org/pubs/briefs/bp54.pdf},
}

@article{ weiss06principles,
  author = {Weiss, Thomas G.},
  title = {Principles, Politics, and Humanitarian Action},
  month = apr,
  year = 2006,
  journal = {Ethics \& International Affairs},
  volume = 13,
  number = 1,
}

@article{ white11differences,
  title = {Differences in Medicine, Differences in Ethics},
  author={White, Luise},
  journal={Evidence, Ethos and Experiment: 
    The Anthropology and History of Medical Research in Africa},
  editor = {Geissler, P. Wenzel and Molyneux, Catherine},
  pages = {445--461},
  year = {2011},
  publisher = {Berghahn Books}
}

@misc{ wikileaks,
	key = {WikiLeaks},
	title = {WikiLeaks},
	note = {\url{http://wikileaks.org/}},
}

@misc{ windowsliveid,
	author = {{Windows Live ID}},
	note = {\url{http://www.passport.net/}},
	url = {http://www.passport.net/},
}


@misc{ wouters05,
	author = {Paul Wouters},
	title = {Personal spam statistics 1997-2004},
	note = {\url{http://www.xtdnet.nl/paul/spam/}},
	month = jan,
	year = 2005,
}

@inproceedings{ wright11finegrained,
	author = {Joss Wright and Tulio {de Souza} and Ian Brown},
	title = {Fine-Grained Censorship Mapping
		Information Sources, Legality and Ethics},
	booktitle = {\bibconf{FOCI}{Workshop on Free and Open Communications
					on the Internet}},
	month = aug,
	year = 2011,
	location = {San Francisco, CA},
}

%Y

@article{ yale61,
	author = {{Yale Law Journal}},
	title = {The Constitutional Right to Anonymity:
		Free Speech, Disclosure and the Devil},
	journal = {Yale Law Journal},
	volume = 70,
	number = 7,
	month = jun,
	year = 1961,
	pages = {1084-1128},
	type = {Note}
}

@article{ yamakawa07toward,
	author = {Hiroshi Yamakawa and Michiko Yoshida and Motohiro Tsuchiya},
	title = {Toward Delegated Democracy:
			Vote by Yourself, or Trust Your Network},
	journal = {International Journal of Social, Human Science and Engineering},
	volume = 1,
	number = 6,
	year = 2007,
}

@article{ yokoo04,
	author = {Makoto Yokoo and Yuko Sakurai and Shigeo Matsubara},
	title = {The Effect of False-name Bids in Combinatorial Auctions:
		New Fraud in {Internet} Auctions},
	journal = {Games and Economic Behavior},
	volume = 46,
	number = 1,
	pages = {174-188},
	month = jan,
	year = 2004,
}

@misc{ yahoo08captcha,
       title = {{Yahoo CAPTCHA is Broken}},
       note = {\url{http://network-security-research.blogspot.com/}},
       month = jan,
       year = 2008
}

@misc{ pgpkeysigning,
note = {\url{http://cryptnet.net/fdp/crypto/keysigning_party/en/keysigning_party.html}},
title = "The Keysigning Party HOWTO",
author = "V. Alex Brennen"
}

%econ examples

@article{ friedman01socialcost,
       author = {Friedman, E. and P. Resnick},
       title = {{The Social Cost of Cheap Pseudonyms}},
       journal = {Journal of Economics and Management Strategy},
       Volume = {10},
       Number = {2},
       pages = {173--199}
}

