
%B

@article{babai2006probability,
  title={The probability of generating the symmetric group when one of the generators is random},
  author={Babai, Laszlo and Hayes, Thomas P.},
  journal={Publ. Math. Debrecen},
  volume={69},
  number={3},
  pages={271--280},
  year={2006},
  publisher={Citeseer}
}

@incollection{bellare2003forward,
  title={Forward-security in private-key cryptography},
  author={Bellare, Mihir and Yee, Bennet},
  booktitle = {\bibconf['03]{CT-RSA}{Topics in Cryptology - CT RSA  }},
  year={2003},
}

@inproceedings{bellare1993defining,
  title={On defining proofs of knowledge},
  author={Bellare, Mihir and Goldreich, Oded},
  booktitle = {\bibconf['92]{CRYPTO}{Advances in Cryptology  }},
  year={1993},
}


%C

@techreport{ camenisch97proof,
  author = {Jan Camenisch and Markus Stadler},
  title = {Proof Systems for General Statements about Discrete
      Logarithms},
  institution = {Dept. of Computer Science, ETH Zurich},
  year = 1997,
  month = {March},
  number = 260,
}

@inproceedings{ clarkson08civitas ,
  author = {Clarkson, M.R. and Chong, S. and Myers, A.C.},
  booktitle = {IEEE \bibconf{SP}{Symposium on Security and Privacy}},
  title = {Civitas: Toward a Secure Voting System},
  year = {2008},
  month = {may},
}

@article{chernoff52measure,
  title={A measure of asymptotic efficiency for tests of a hypothesis based on the sum of observations},
  author={Chernoff, Herman},
  journal={The Annals of Mathematical Statistics},
  year={1952},
  publisher={JSTOR}
}

@article{chernoff56large,
  title={Large-sample theory: Parametric case},
  author={Chernoff, Herman},
  journal={The Annals of Mathematical Statistics},
  volume={27},
  number={1},
  year={1956},
  publisher={JSTOR}
}


%F

@article{ feigenbaum08graph,
	author = {Joan Feigenbaum and Sampath Kannan and Andrew McGregor
			and Siddharth Suri and Jian Zhang},
	title = {Graph Distances in the Data-Stream Model},
	journal = {SIAM Journal on Computing},
	volume = 38,
	year = 2008,
	pages = {1709-1727},
}

@article{ feigenbaum05graph,
	author = {Joan Feigenbaum and Sampath Kannan and Andrew McGregor
			and Siddharth Suri and Jian Zhang},
	title = {On Graph Problems in a Semi-Streaming Model},
	journal = {Theoretical Computer Science},
	volume = 348,
	year = 2005,
	pages = {207-216},
}

@article{ feigenbaum05computing,
	author = {Joan Feigenbaum and Sampath Kannan and Jian Zhang},
	title = {Computing Diameter in the Streaming and Sliding-Window Models},
	journal = {Algorithmica},
	volume = 41,
	year = 2005,
	pages = {25-41},
}

@incollection{fujisaki98practical,
  title={A practical and provably secure scheme for publicly verifiable secret sharing and its applications},
  author={Fujisaki, Eiichiro and Okamoto, Tatsuaki},
  booktitle = {\bibconf{EUROCRYPT}{EUROCRYPT}},
  pages={32--46},
  year={1998},
  publisher={Springer}
}

%M
@inproceedings{merkle88digital,
  title={A digital signature based on a conventional encryption function},
  author={Merkle, Ralph C},
  booktitle={\bibconf{CRYPTO}{Advances in Cryptology}},
  year={1988},
}

%S

@inproceedings{schnorr90efficient,
  title={Efficient identification and signatures for smart cards},
  author={Schnorr, Claus-Peter},
  booktitle={\bibconf{CRYPTO}{Advances in Cryptology}},
  year={1990},
}

@inproceedings{stadler96publicly,
  title={Publicly verifiable secret sharing},
  author={Stadler, Markus},
  booktitle = {\bibconf{EUROCRYPT}{EUROCRYPT}},
  year={1996},
}


@inproceedings{
CJI09,  author = "R.~Chang and G.~Jiang and F.~Ivan{\v{c}}i{\'{c}} and
	 S.~Sankaranarayanan and V.~Shmatikov",
title = "Inputs of Coma:
	 Static Detection of Denial-of-Serice Vulnerabilities",
year = {2009},
booktitle ={CSF}}

@article(
CMS05, author="R.~Chadha and J.C.~Mitchell and A.~Scedrov and V.~Shmatikov",
title="Contract signing, optimism, and advantage",
journal="J. Logic and Algebraic Programming",
pages="189--218",
volume="64", number="2",
Year="2003")

@inproceedings(
DS,   Author="A.~Serjantov and G.~Danezis",
Title="Towards an information theoretic metric for anonymity",
Booktitle="Proc.\ 2nd International Workshop on
	Privacy-Enhancing Technologies",
Series={LNCS},
Volume={2482},
Pages="41--53",
Year="2002")

@inproceedings(
MS05,   author="A.~Mahimkar and V.~Shmatikov",
title="Game-based analysis of denial-of-service prevention protocols",
booktitle="Proc.\ 18th {IEEE} Computer Security Foundations
	  Workshop ({CSFW})",
publisher="{IEEE}",
year="2005",
pages="287--301")

@article(
NS06,   Author="G.~Norman and V.~Shmatikov",
Title="Analysis of probabilistic contract signing",
Journal="J. Computer Security",
Year="2006",
Pages="561--589",
Volume="14",
Number="6")

@inproceedings(
nymble, author="P.~Johnson and A.~Kapadia and P.~Tsang and S.~Smith",
title="Nymble: anonymous {IP}-address blocking",
booktitle="Proc.\ {PET}",
year="2007")

@article(
S04,    Author="V.~Shmatikov",
Title="Probabilistic model checking of an anonymity system",
Journal="J. Computer Security",
Year="2004",
Pages="355--377",
Volume="12",
Number="3-4")

@article(
SM02,   author="V.~Shmatikov and J.C.~Mitchell",
title="Finite-state analysis of two contract signing protocols",
journal="Theoretical Computer Science",
volume=283, number="2",
pages="419-450",
year=2002)

@inproceedings(
SW-esorics06, author="V.~Shmatikov and M-H.~Wang",
Title="Timing analysis in low-latency mix networks:
      attacks and defenses",
Booktitle="Proc.\ {ESORICS}",
Year="2006")

@inproceedings(
SW-fmse06, author="V.~Shmatikov and M-H.~Wang",
Title="Measuring relationship anonymity in mix networks",
Booktitle="Proc.\ {WPES}",
Year="2006")

@inproceedings(
torsk-attack, author="Q.~Wang and P.~Mittal and N.~Borisov",
title="In Search of an Anonymous and Secure Lookup:
       Attacks on Peer-to-peer Anonymous Communication Systems",
booktitle="Proc.\ {CCS}",
year="2010")

@inproceedings( tsang-ccs07,
	author="P.~Tsang and M.H.~Au and A.~Kapadia and S.~Smith",
	title="Blacklistable anonymous credentials:
	      blocking misbehaving users without {TTPs}",
	booktitle="Proc.\ {CCS}",
	year="2007"
)

@inproceedings(
tsang-ccs08, author="P.~Tsang and M.H.~Au and A.~Kapadia and S.~Smith",
title="{PEREA}: Towards Practical {TTP}-Free Revocation in
      Anonymous Authentication",
booktitle="Proc.\ {CCS}",
year="2008")


@article{ afk,
	author = {Mart\'in Abadi and Joan Feigenbaum and Joe Kilian},
	title = {On Hiding Information from an Oracle},
	journal = {Journal of Computer and System Sciences},
	volume = 39,
	year = 1989,
	pages = {21-50},
	note = {Special issue of selected papers from the 1987
		IEEE Conference on Structure in Complexity Theory}
},

@inproceedings{ bfl,
	author = {Matt Blaze and Joan Feigenbaum and Jack Lacy},
	title = {Decentralized Trust Management},
	booktitle = {Proceedings of the 17th Symposium on Security and Privacy},
	year = 1996,
	pages = {164-173},
}

@inproceedings{ bfs,
	author = {Matt Blaze and Joan Feigenbaum and Martin Strauss},
	title = {Compliance Checking in the {PolicyMaker}
			Trust Management System},
	booktitle = {Proceedings of the 2nd Financial Crypto Conference},
	year = 1998,
}

@article{ ff,
	author = {Joan Feigenbaum and Lance Fortnow},
	title = {Random-Self-Reducibility of Complete Sets},
	journal = {SIAM Journal on Computing},
	volume = 22,
	year = 1993,
	pages = {994-1005},
	note = {Extended abstract appears in Proceedings of the
		1991 IEEE Conference on Structure in Complexity Theory},
}

@article{ fksv,
	author = {Joan Feigenbaum and Sampath Kannan and Martin Strauss
		and Mahesh Viswanathan},
	title = {An Approximate {L1}-Difference Algorithm for
		Massive Data Streams},
	journal = {SIAM Journal on Computing},
	volume = 32,
	year = 2002,
	pages = {131--151},
	note = {Extended abstract appears in Proceedings of the
		1999 IEEE Symposium on Foundations of Computer Science},
}

@article{ fkmsz,
	author = {Joan Feigenbaum and Sampath Kannan and Andrew McGregor
			and Siddharth Suri and Jian  Zhang},
	title = {On Graph Problems in a Semi-Streaming Model},
	journal = {Theoretical Computer Science},
	volume = 348,
	year = 2005,
	pages = {207--216},
	note = {Special issue of selected papers from the 2004 International
		Colloquium on Automata, Languages, and Programming},
}

@article{ fps,
	author = {Joan Feigenbaum and Christos Papadimitriou and Scott Shenker},
	title = {Sharing the Cost of Multicast Transmissions},
	journal = {Journal of Computer and System Sciences},
	volume = 63,
	year = 2001, 
	pages = {21--41},
	note = {Preliminary version appears in Proceedings of the 2000
		ACM Symposium on Theory of Computing},
}

@article{ fpss,
	author = { Joan Feigenbaum and Christos Papadimitriou and Rahul Sami
			and Scott Shenker},
	title = {A {BGP}-based Mechanism for Lowest-Cost Routing},
	journal = {Distributed Computing},
	volume = 18,
	year = 2005,
	pages = {61--72},
	note = {Special issue of selected papers from the 2002 ACM Symposium
		on Principles of Distributed Computing},
}

@inproceedings{shoup00practical,
  title={Practical threshold signatures},
  author={Shoup, Victor},
  booktitle={EUROCRYPT},
  year={2000},
}


@book{stinson05crypto,
  author = {Douglas R. Stinson},
  title = {Cryptography: Theory and Practice},
  year = {2005},
}

@inproceedings{shoup2000practical,
  title={Practical threshold signatures},
  author={Shoup, Victor},
  booktitle = {\bibconf['00]{EUROCRYPT}{Advances in Cryptology }},
  year={2000},
}

@inproceedings{pedersen91threshold,
  title={A threshold cryptosystem without a trusted party},
  author={Pedersen, Torben Pryds},
  booktitle = {\bibconf{EUROCRYPT}{EUROCRYPT}},
  year={1991},
  organization={Springer}
}


